 @misc{odbl, title={Open data commons},
 url={https://opendatacommons.org/licenses/dbcl/1-0/}, journal={Database Contents License (DbCL) v1.0 - Open Data Commons: legal tools for open data},
 author={Open Knowledge Foundation}} 

 @misc{pramerdorfer2016facial,
      title={Facial Expression Recognition using Convolutional Neural Networks: State of the Art}, 
      author={Christopher Pramerdorfer and Martin Kampel},
      year={2016},
      eprint={1612.02903},
      archivePrefix={arXiv},
      primaryClass={cs.CV}
}

@article{healthcare,
  title={Electrocardiogram-based emotion recognition systems and their applications in healthcare—a review},
  author={Hasnul, Muhammad Anas and Aziz, Nor Azlina Ab and Alelyani, Salem and Mohana, Mohamed and Aziz, Azlan Abd},
  journal={Sensors},
  volume={21},
  number={15},
  pages={5015},
  year={2021},
  publisher={MDPI}
}

@misc{FER2013,
      title={FER2013}, 
      author={Ares},
      year={2020},
      url={https://www.kaggle.com/datasets/ananthu017/emotion-detection-fer}
      %,related ={odbl}

}

@Article{GRU,
AUTHOR = {Trinh Van, Loan and Dao Thi Le, Thuy and Le Xuan, Thanh and Castelli, Eric},
TITLE = {Emotional Speech Recognition Using Deep Neural Networks},
JOURNAL = {Sensors},
VOLUME = {22},
YEAR = {2022},
NUMBER = {4},
ARTICLE-NUMBER = {1414},
URL = {https://www.mdpi.com/1424-8220/22/4/1414},
PubMedID = {35214316},
ISSN = {1424-8220},
DOI = {10.3390/s22041414}
}

\begin{comment}
@misc{GRU,
      title={GRU}, 
      author={Ares},
      year={2020},
      url={https://www.mdpi.com/1424-8220/22/4/1414#:~:text=The20data20augmentation20was20used,average20recognition20accuracy20of2097.4725.l}
}
\end{comment}

@misc{transform,
      title={Transform}, 
      author={Scientific Reports},
      year={2018},
      url={https://www.nature.com/articles/s41598-022-12260-y}

}

@misc{cremad,
title={CREMA-D},
author={David Cooper},
year={2019},
url={https://www.kaggle.com/datasets/ejlok1/cremad}
}

@misc{odc-by,
title={Open Data Commons Attribution License (ODC-By)},
url={https://opendatacommons.org/licenses/by/summary/}
%, related ={cremad}
}

@article{survey,
  title={Emotion recognition and detection methods: A comprehensive survey},
  author={Saxena, Anvita and Khanna, Ashish and Gupta, Deepak},
  journal={Journal of Artificial Intelligence and Systems},
  volume={2},
  number={1},
  pages={53--79},
  year={2020},
  publisher={Institute of Electronics and Computer}
}

@article{EGGER201935,
  title={Emotion Recognition from Physiological Signal Analysis: A Review},
  author={Maria Egger and Matthias Ley and Sten Hanke},
  journal={Electronic Notes in Theoretical Computer Science},
  volume={343},
  pages={35--55},
  year={2019}
}

@book{HCSI201451,
  title={Human-Computer Systems Interaction: Backgrounds and Applications 3},
  author={Kołakowska, A. and Landowska, A. and Szwoch, M. and Szwoch, W. and Wróbel, M. R.},
  publisher={Springer International Publishing},
  pages={51--62},
  doi = {10.1007/978-3-319-08491-6{\_}5},
  year={2014}
}

@Inbook{er-appl,
author="Ko{\l}akowska, A.
and Landowska, A.
and Szwoch, M.
and Szwoch, W.
and Wr{\'o}bel, M. R.",
editor="Hippe, Zdzis{\l}aw S.
and Kulikowski, Juliusz L.
and Mroczek, Teresa
and Wtorek, Jerzy",
title="Emotion Recognition and Its Applications",
bookTitle="Human-Computer Systems Interaction: Backgrounds and Applications 3",
year="2014",
publisher="Springer International Publishing",
address="Cham",
pages="51--62",
isbn="978-3-319-08491-6",
doi="10.1007/978-3-319-08491-6_5",
url="https://doi.org/10.1007/978-3-319-08491-6_5"
}
